
@book{rasmussen2006gaussian,
  title={Gaussian Processes for Machine Learning},
  author={Rasmussen, Carl Edward and Williams, Christopher KI},
  year={2006},
  publisher={MIT press}
}

@article{solin2018hilbert,
  title={Hilbert space methods for reduced-rank {G}aussian process regression},
  author={Solin, Arno and S{\"a}rkk{\"a}, Simo},
  journal={Statistics and Computing},
  volume={30},
  number={2},
  pages={419--446},
  year={2020},
  publisher={Springer},
  note={ Pre-print available at \url{https://arxiv.org/abs/1401.5508}.}
% Much of the work in this paper is based on the pre-print version predating the published paper.
}
